
@misc{lienLogicielCamera,
  author = {Logiciel pour BFLY-PGE-Technical-Reference},
  title = {\\\url{https://flir.app.boxcn.net/v/Flycapture2SDK/folder/72274730742}},
  url={https://flir.app.boxcn.net/v/Flycapture2SDK/folder/72274730742},
}

@misc{videoGraven,
  author = {Video d'explication de mise en Cluster},
  title = {\\\url{https://www.youtube.com/watch?v=gDim-t1XaPU}},
  url={https://www.youtube.com/watch?v=gDim-t1XaPU},
}

@misc{commandeCluster,
  author = {Commandes pour la mise en cluster},
  title = {\\\url{https://raspberry-pi.fr/docker-swarm-raspberry-pi/}},
  url={https://raspberry-pi.fr/docker-swarm-raspberry-pi/},
}

@misc{lienResistance,
  author = {Exemple de résistance bobinée},
  title = {\\\url{http://www.e44.com/composants/composants-passifs/resistances/resistances-puissance-bobinees/resistances-radiateur-25w/}},
  url={http://www.e44.com/composants/composants-passifs/resistances/resistances-puissance-bobinees/resistances-radiateur-25w/},
}

@misc{lienRegulateur,
  author = {Exemples de plusieurs régulateurs de tension fixe},
  title = {\\\url{https://fr.banggood.com/50Pcs-10value-LM317T-L7805-L7806-L7808-L7809-L7810-L7812-L7815-L7818-L7824-Transistor-Assortment-Kit-Voltage-Regulator-Box-p-1422486.html}},
  url={https://fr.banggood.com/50Pcs-10value-LM317T-L7805-L7806-L7808-L7809-L7810-L7812-L7815-L7818-L7824-Transistor-Assortment-Kit-Voltage-Regulator-Box-p-1422486.html},
}
@misc{buck,
  author = {Exemple de Buck Converter},
  title = {\\\url{https://fr.aliexpress.com/item/4000676166316.html}},
  url={https://fr.aliexpress.com/item/4000676166316.html},
}
@misc{lienRoue,
  author = {Exemble de roue},
  title = {\\\url{https://www.cdiscount.com/auto/pieces-auto/le-metal-de-roue-de-robot-de-100mm-avec-le-robot-i/f-13390160501-auc2008478187368.html}},
  url={https://www.cdiscount.com/auto/pieces-auto/le-metal-de-roue-de-robot-de-100mm-avec-le-robot-i/f-13390160501-auc2008478187368.html},
}
@misc{lienMoteur,
  author = {Exemple de moteur},
  title = {\\\url{https://fr.rs-online.com/web/p/moteurs-a-courant-continu/2389709}},
  url={https://fr.rs-online.com/web/p/moteurs-a-courant-continu/2389709},
}



